<?xml version="1.0" encoding="UTF-8"?><collection xmlns="http://www.loc.gov/MARC21/slim"><record><leader>00428nam--2200133-i-4500</leader><controlfield tag="001">000034079</controlfield><controlfield tag="002">20161230</controlfield><controlfield tag="005">20161230201039</controlfield><controlfield tag="008">060222s1000------------r-----000-0-eng-d</controlfield><datafield ind1=" " ind2=" " tag="080"><subfield code="a">015:547:548</subfield></datafield><datafield ind1=" " ind2=" " tag="100"><subfield code="a">Neu, Jean-marie</subfield></datafield><datafield ind1=" " ind2=" " tag="245"><subfield code="a">Etude dans une famille d`alcools tertiaires de certaines proprietes physiques caracteristiques des cristaux plastiques. these</subfield></datafield><datafield ind1=" " ind2=" " tag="260"><subfield code="a">Nancy, Faculte De Sciences, 1970. 154p</subfield></datafield><datafield ind1=" " ind2=" " tag="852"><subfield code="a">38132</subfield></datafield></record></collection>